@article{nocloning,
  title         = {A single quantum cannot be cloned},
  volume        = {299},
  issn          = {1476-4687},
  url           = {http://dx.doi.org/10.1038/299802a0},
  doi           = {10.1038/299802a0},
  number        = {5886},
  journal       = {Nature},
  publisher     = {Springer Science and Business Media LLC},
  author        = {Wootters,  W. K. and Zurek,  W. H.},
  year          = {1982},
  month         = oct,
  pages         = {802â€“803}
}
